@INPROCEEDINGS{7809906,
  author={Zhang, Liqiao and Yuan, Hui and Lau, Raymond Y. K.},
  booktitle={2016 IEEE 13th International Conference on e-Business Engineering (ICEBE)}, 
  title={Predicting and Visualizing Consumer Sentiments in Online Social Media}, 
  year={2016},
  volume={},
  number={},
  pages={92-99},
  doi={10.1109/ICEBE.2016.025}}

@INPROCEEDINGS{7087040,
  author={Desai, Sharmishta and Patil, S.T.},
  booktitle={2015 International Conference on Pervasive Computing (ICPC)}, 
  title={Efficient regression algorithms for classification of social media data}, 
  year={2015},
  volume={},
  number={},
  pages={1-5},
  doi={10.1109/PERVASIVE.2015.7087040}}
  
 
@INPROCEEDINGS{9952138,
  author={Reddy, Puli Dilliswar and Parvathy, L. Rama},
  booktitle={2022 3rd International Conference on Smart Electronics and Communication (ICOSEC)}, 
  title={Prediction Analysis using Random Forest Algorithms to Forecast the Air Pollution Level in a Particular Location}, 
  year={2022},
  volume={},
  number={},
  pages={1585-1589},
  doi={10.1109/ICOSEC54921.2022.9952138}}

@INPROCEEDINGS{9952143,
  author={Reddy, P. Varshitha and Kumar, S. Magesh},
  booktitle={2022 3rd International Conference on Smart Electronics and Communication (ICOSEC)}, 
  title={A Method for Determining the Accuracy of Stock Prices using Gradient Boosting and the Support Vector Machines Algorithm}, 
  year={2022},
  volume={},
  number={},
  pages={1596-1599},
  doi={10.1109/ICOSEC54921.2022.9952143}}

@INPROCEEDINGS{10057722,
  author={Rizky Pribadi, Muhammad and Puji Widiyanto, Eka and Hermanto, Dedy and Iba Ricoida, Desy and Pibriana, Desi and Rusbandi},
  booktitle={2022 6th International Conference on Information Technology, Information Systems and Electrical Engineering (ICITISEE)}, 
  title={Analysis of Marketplace Social Media User Engagement by Topic}, 
  year={2022},
  volume={},
  number={},
  pages={35-39},
  doi={10.1109/ICITISEE57756.2022.10057722}}

@INPROCEEDINGS{8250692,
  author={Shahare, Firoj Fattulal},
  booktitle={2017 International Conference on Intelligent Computing and Control Systems (ICICCS)}, 
  title={Sentiment analysis for the news data based on the social media}, 
  year={2017},
  volume={},
  number={},
  pages={1365-1370},
  doi={10.1109/ICCONS.2017.8250692}}



@INPROCEEDINGS{8575882,
  author={Zhang, Hong and Hu, Guyu and Pan, Zhisong and Yang, Haimin},
  booktitle={2017 4th IAPR Asian Conference on Pattern Recognition (ACPR)}, 
  title={A Feature Selection Algorithm Based on Pairwise Constraints for Linked Social Media Data}, 
  year={2017},
  volume={},
  number={},
  pages={548-553},
  doi={10.1109/ACPR.2017.78}}
 
@INPROCEEDINGS{9719080,
  author={Zhang, Ruijia},
  booktitle={2022 IEEE 2nd International Conference on Power, Electronics and Computer Applications (ICPECA)}, 
  title={Research on Social Media Feature Learning Algorithm Based on Deep Neural Network}, 
  year={2022},
  volume={},
  number={},
  pages={590-594},
  doi={10.1109/ICPECA53709.2022.9719080}}
  
@INPROCEEDINGS{9325452,
  author={Arambepola, Nimasha and Munasinghe, Lankeshwara},
  booktitle={2020 20th International Conference on Advances in ICT for Emerging Regions (ICTer)}, 
  title={Empirical Analysis of User Factors that Affect the User Interface Design in Mobile Applications}, 
  year={2020},
  volume={},
  number={},
  pages={166-171},
  doi={10.1109/ICTer51097.2020.9325452}}

@INPROCEEDINGS{7087040,
  author={Desai, Sharmishta and Patil, S.T.},
  booktitle={2015 International Conference on Pervasive Computing (ICPC)}, 
  title={Efficient regression algorithms for classification of social media data}, 
  year={2015},
  volume={},
  number={},
  pages={1-5},
  doi={10.1109/PERVASIVE.2015.7087040}}

@INPROCEEDINGS{8250692,
  author={Shahare, Firoj Fattulal},
  booktitle={2017 International Conference on Intelligent Computing and Control Systems (ICICCS)}, 
  title={Sentiment analysis for the news data based on the social media}, 
  year={2017},
  volume={},
  number={},
  pages={1365-1370},
  doi={10.1109/ICCONS.2017.8250692}}

@INPROCEEDINGS{7783248,
  author={Rohani, Vala Ali and Shayaa, Shahid and Babanejaddehaki, Ghazaleh},
  booktitle={2016 3rd International Conference on Computer and Information Sciences (ICCOINS)}, 
  title={Topic modeling for social media content: A practical approach}, 
  year={2016},
  volume={},
  number={},
  pages={397-402},
  doi={10.1109/ICCOINS.2016.7783248}}

@INPROCEEDINGS{1250902,
  author={Fan, W. and Wang, H. and Yu, P.S. and Ma, S.},
  booktitle={Third IEEE International Conference on Data Mining}, 
  title={Is random model better? On its accuracy and efficiency}, 
  year={2003},
  volume={},
  number={},
  pages={51-58},
  doi={10.1109/ICDM.2003.1250902}}
  
@ARTICLE{6616536,
  author={Vaidya, Jaideep and Shafiq, Basit and Fan, Wei and Mehmood, Danish and Lorenzi, David},
  journal={IEEE Transactions on Dependable and Secure Computing}, 
  title={A Random Decision Tree Framework for Privacy-Preserving Data Mining}, 
  year={2014},
  volume={11},
  number={5},
  pages={399-411},
  doi={10.1109/TDSC.2013.43}}