@INPROCEEDINGS{7809906,
  author={Zhang, Liqiao and Yuan, Hui and Lau, Raymond Y. K.},
  booktitle={2016 IEEE 13th International Conference on e-Business Engineering (ICEBE)}, 
  title={Predicting and Visualizing Consumer Sentiments in Online Social Media}, 
  year={2016},
  volume={},
  number={},
  pages={92-99},
  doi={10.1109/ICEBE.2016.025}}
